
@book{progit,
  title={{Pro Git}},
  author={Scott Chacon and Ben Straub},
  isbn={1430218339},
  url={http://www.amazon.com/Pro-Git-Scott-Chacon/dp/1430218339},
  year={2009},
  publisher={Apress}
}



@book{pocketguide,
  title={{Pro Git}},
  author={Richard Silverman},
  isbn={1449325866},
  url={http://shop.oreilly.com/product/0636920024972.do?intcmp=il-npa-books-video-product_chimera},
  year={2013},
  publisher={O'Reilly Media}
}



